<record><leader>00000cas a22000007a 4500</leader><controlfield tag="001">14259817</controlfield><controlfield tag="008">860924d18581874txuwr ne      0    0eng d</controlfield><datafield ind1=" " ind2=" " tag="010"><subfield code="a">sn 86089231 </subfield></datafield><datafield ind1=" " ind2=" " tag="040"><subfield code="a">PPM</subfield><subfield code="b">eng</subfield><subfield code="c">PPM</subfield><subfield code="d">TGN</subfield><subfield code="d">OCL</subfield><subfield code="d">OCLCQ</subfield><subfield code="d">OCLCF</subfield><subfield code="d">OCLCO</subfield></datafield><datafield ind1=" " ind2=" " tag="042"><subfield code="a">msc</subfield></datafield><datafield ind1=" " ind2=" " tag="043"><subfield code="a">n-us-tx</subfield></datafield><datafield ind1=" " ind2="4" tag="050"><subfield code="a">AN49.M24</subfield><subfield code="b">M24</subfield></datafield><datafield ind1="0" ind2="4" tag="245"><subfield code="a">The McKinney messenger.</subfield></datafield><datafield ind1=" " ind2=" " tag="260"><subfield code="a">McKinney, Tex. :</subfield><subfield code="b">Thomas &amp; Darnall</subfield></datafield><datafield ind1=" " ind2=" " tag="300"><subfield code="a">v. ;</subfield><subfield code="c">37-60 cm.</subfield></datafield><datafield ind1=" " ind2=" " tag="310"><subfield code="a">Weekly</subfield></datafield><datafield ind1="1" ind2=" " tag="362"><subfield code="a">Began in 1858; ceased in 1874?</subfield></datafield><datafield ind1=" " ind2=" " tag="588"><subfield code="a">Description based on: Vol. 6, no. 27 (Sept. 11, 1860).</subfield></datafield><datafield ind1=" " ind2="0" tag="651"><subfield code="a">McKinney (Tex.)</subfield><subfield code="v">Newspapers.</subfield></datafield><datafield ind1=" " ind2="7" tag="655"><subfield code="a">Newspapers.</subfield><subfield code="2">fast</subfield><subfield code="0">(OCoLC)fst01423814</subfield></datafield><datafield ind1=" " ind2="7" tag="651"><subfield code="a">Texas</subfield><subfield code="z">McKinney.</subfield><subfield code="2">fast</subfield><subfield code="0">(OCoLC)fst01221847</subfield></datafield><datafield ind1=" " ind2=" " tag="752"><subfield code="a">United States</subfield><subfield code="b">Texas</subfield><subfield code="c">Collin</subfield><subfield code="d">McKinney.</subfield></datafield><datafield ind1="0" ind2="0" tag="780"><subfield code="t">Clarksville messenger</subfield></datafield></record>